<?xml version="1.0" encoding="UTF-8"?>
<Document xmlns="urn:iso:std:iso:20022:tech:xsd:camt.052.001.08">
  <BkToCstmrAcctRpt>
    <GrpHdr>
      <MsgId>SYNTH-CAMT-052-2026-02</MsgId>
      <CreDtTm>2026-02-28T18:00:00Z</CreDtTm>
    </GrpHdr>
    <Rpt>
      <Id>SYNTHETIC-FEBRUARY-2026</Id>
      <ElctrncSeqNb>2</ElctrncSeqNb>
      <CreDtTm>2026-02-28T18:00:00Z</CreDtTm>
      <FrToDt>
        <FrDtTm>2026-02-01T00:00:00Z</FrDtTm>
        <ToDtTm>2026-02-28T23:59:59Z</ToDtTm>
      </FrToDt>
      <Acct>
        <Id>
          <Othr>
            <Id>SYNTHETIC-OPERATING-CHF</Id>
          </Othr>
        </Id>
        <Ccy>CHF</Ccy>
      </Acct>
      <Bal>
        <Tp>
          <CdOrPrtry>
            <Cd>OPBD</Cd>
          </CdOrPrtry>
        </Tp>
        <Amt Ccy="CHF">1000.00</Amt>
        <CdtDbtInd>CRDT</CdtDbtInd>
        <Dt>
          <Dt>2026-02-01</Dt>
        </Dt>
      </Bal>
      <Bal>
        <Tp>
          <CdOrPrtry>
            <Cd>CLBD</Cd>
          </CdOrPrtry>
        </Tp>
        <Amt Ccy="CHF">875.00</Amt>
        <CdtDbtInd>CRDT</CdtDbtInd>
        <Dt>
          <Dt>2026-02-28</Dt>
        </Dt>
      </Bal>
      <Ntry>
        <Amt Ccy="CHF">500.00</Amt>
        <CdtDbtInd>CRDT</CdtDbtInd>
        <BookgDt>
          <Dt>2026-02-03</Dt>
        </BookgDt>
        <ValDt>
          <Dt>2026-02-03</Dt>
        </ValDt>
        <AcctSvcrRef>CAMT-HEALTH-2026-02</AcctSvcrRef>
        <NtryDtls>
          <TxDtls>
            <Refs>
              <EndToEndId>HLT-2026-02</EndToEndId>
              <AcctSvcrRef>CAMT-HEALTH-2026-02</AcctSvcrRef>
            </Refs>
            <AmtDtls>
              <TxAmt>
                <Amt Ccy="CHF">500.00</Amt>
              </TxAmt>
            </AmtDtls>
            <RltdPties>
              <Dbtr>
                <Nm>Health Insurer AG</Nm>
              </Dbtr>
            </RltdPties>
            <RmtInf>
              <Ustrd>Premium refund</Ustrd>
            </RmtInf>
          </TxDtls>
        </NtryDtls>
      </Ntry>
      <Ntry>
        <Amt Ccy="CHF">625.00</Amt>
        <CdtDbtInd>DBIT</CdtDbtInd>
        <BookgDt>
          <Dt>2026-02-15</Dt>
        </BookgDt>
        <ValDt>
          <Dt>2026-02-15</Dt>
        </ValDt>
        <AcctSvcrRef>CAMT-RENT-2026-02</AcctSvcrRef>
        <NtryDtls>
          <TxDtls>
            <Refs>
              <EndToEndId>RENT-2026-02</EndToEndId>
              <AcctSvcrRef>CAMT-RENT-2026-02</AcctSvcrRef>
            </Refs>
            <AmtDtls>
              <TxAmt>
                <Amt Ccy="CHF">625.00</Amt>
              </TxAmt>
            </AmtDtls>
            <RltdPties>
              <Cdtr>
                <Nm>Office Rent AG</Nm>
              </Cdtr>
            </RltdPties>
            <RmtInf>
              <Ustrd>Workspace rent February</Ustrd>
            </RmtInf>
          </TxDtls>
        </NtryDtls>
      </Ntry>
    </Rpt>
  </BkToCstmrAcctRpt>
</Document>
