<?xml version="1.0" encoding="UTF-8"?>
<Document xmlns="urn:iso:std:iso:20022:tech:xsd:camt.053.001.08">
  <BkToCstmrStmt>
    <GrpHdr>
      <MsgId>SYNTH-CAMT-053-MULTI-2026-05</MsgId>
      <CreDtTm>2026-05-31T18:00:00Z</CreDtTm>
    </GrpHdr>
    <Stmt>
      <Id>SYNTHETIC-MAY-2026-FIRST-HALF</Id>
      <ElctrncSeqNb>1</ElctrncSeqNb>
      <CreDtTm>2026-05-15T18:00:00Z</CreDtTm>
      <FrToDt>
        <FrDtTm>2026-05-01T00:00:00Z</FrDtTm>
        <ToDtTm>2026-05-15T23:59:59Z</ToDtTm>
      </FrToDt>
      <Acct>
        <Id>
          <Othr>
            <Id>SYNTHETIC-OPERATING-CHF</Id>
          </Othr>
        </Id>
        <Ccy>CHF</Ccy>
      </Acct>
      <Bal>
        <Tp>
          <CdOrPrtry>
            <Cd>OPBD</Cd>
          </CdOrPrtry>
        </Tp>
        <Amt Ccy="CHF">1000.00</Amt>
        <CdtDbtInd>CRDT</CdtDbtInd>
        <Dt>
          <Dt>2026-05-01</Dt>
        </Dt>
      </Bal>
      <Bal>
        <Tp>
          <CdOrPrtry>
            <Cd>CLBD</Cd>
          </CdOrPrtry>
        </Tp>
        <Amt Ccy="CHF">1100.00</Amt>
        <CdtDbtInd>CRDT</CdtDbtInd>
        <Dt>
          <Dt>2026-05-15</Dt>
        </Dt>
      </Bal>
      <Ntry>
        <Amt Ccy="CHF">100.00</Amt>
        <CdtDbtInd>CRDT</CdtDbtInd>
        <BookgDt>
          <Dt>2026-05-02</Dt>
        </BookgDt>
        <ValDt>
          <Dt>2026-05-02</Dt>
        </ValDt>
        <AcctSvcrRef>CAMT-STUDIO-2026-05</AcctSvcrRef>
        <NtryDtls>
          <TxDtls>
            <Refs>
              <EndToEndId>STUDIO-2026-05</EndToEndId>
              <AcctSvcrRef>CAMT-STUDIO-2026-05</AcctSvcrRef>
            </Refs>
            <AmtDtls>
              <TxAmt>
                <Amt Ccy="CHF">100.00</Amt>
              </TxAmt>
            </AmtDtls>
            <RltdPties>
              <Dbtr>
                <Nm>Studio Client AG</Nm>
              </Dbtr>
            </RltdPties>
            <RmtInf>
              <Ustrd>Studio support payment</Ustrd>
            </RmtInf>
          </TxDtls>
        </NtryDtls>
      </Ntry>
    </Stmt>
    <Stmt>
      <Id>SYNTHETIC-MAY-2026-SECOND-HALF</Id>
      <ElctrncSeqNb>2</ElctrncSeqNb>
      <CreDtTm>2026-05-31T18:00:00Z</CreDtTm>
      <FrToDt>
        <FrDtTm>2026-05-16T00:00:00Z</FrDtTm>
        <ToDtTm>2026-05-31T23:59:59Z</ToDtTm>
      </FrToDt>
      <Acct>
        <Id>
          <Othr>
            <Id>SYNTHETIC-OPERATING-CHF</Id>
          </Othr>
        </Id>
        <Ccy>CHF</Ccy>
      </Acct>
      <Bal>
        <Tp>
          <CdOrPrtry>
            <Cd>OPBD</Cd>
          </CdOrPrtry>
        </Tp>
        <Amt Ccy="CHF">1100.00</Amt>
        <CdtDbtInd>CRDT</CdtDbtInd>
        <Dt>
          <Dt>2026-05-16</Dt>
        </Dt>
      </Bal>
      <Bal>
        <Tp>
          <CdOrPrtry>
            <Cd>CLBD</Cd>
          </CdOrPrtry>
        </Tp>
        <Amt Ccy="CHF">950.00</Amt>
        <CdtDbtInd>CRDT</CdtDbtInd>
        <Dt>
          <Dt>2026-05-31</Dt>
        </Dt>
      </Bal>
      <Ntry>
        <Amt Ccy="CHF">150.00</Amt>
        <CdtDbtInd>DBIT</CdtDbtInd>
        <BookgDt>
          <Dt>2026-05-20</Dt>
        </BookgDt>
        <ValDt>
          <Dt>2026-05-20</Dt>
        </ValDt>
        <AcctSvcrRef>CAMT-INS-2026-05</AcctSvcrRef>
        <NtryDtls>
          <TxDtls>
            <Refs>
              <EndToEndId>INS-2026-05</EndToEndId>
              <AcctSvcrRef>CAMT-INS-2026-05</AcctSvcrRef>
            </Refs>
            <AmtDtls>
              <TxAmt>
                <Amt Ccy="CHF">150.00</Amt>
              </TxAmt>
            </AmtDtls>
            <RltdPties>
              <Cdtr>
                <Nm>Insurance Partner AG</Nm>
              </Cdtr>
            </RltdPties>
            <RmtInf>
              <Ustrd>Professional liability premium</Ustrd>
            </RmtInf>
          </TxDtls>
        </NtryDtls>
      </Ntry>
    </Stmt>
  </BkToCstmrStmt>
</Document>
