<?xml version="1.0" encoding="UTF-8"?>
<Document xmlns="urn:iso:std:iso:20022:tech:xsd:camt.052.001.08">
  <BkToCstmrAcctRpt>
    <GrpHdr>
      <MsgId>SYNTH-CAMT-052-MULTI-2026-04</MsgId>
      <CreDtTm>2026-04-30T18:00:00Z</CreDtTm>
    </GrpHdr>
    <Rpt>
      <Id>SYNTHETIC-APRIL-2026-FIRST-HALF</Id>
      <ElctrncSeqNb>1</ElctrncSeqNb>
      <CreDtTm>2026-04-15T18:00:00Z</CreDtTm>
      <FrToDt>
        <FrDtTm>2026-04-01T00:00:00Z</FrDtTm>
        <ToDtTm>2026-04-15T23:59:59Z</ToDtTm>
      </FrToDt>
      <Acct>
        <Id>
          <Othr>
            <Id>SYNTHETIC-OPERATING-CHF</Id>
          </Othr>
        </Id>
        <Ccy>CHF</Ccy>
      </Acct>
      <Bal>
        <Tp>
          <CdOrPrtry>
            <Cd>OPBD</Cd>
          </CdOrPrtry>
        </Tp>
        <Amt Ccy="CHF">2000.00</Amt>
        <CdtDbtInd>CRDT</CdtDbtInd>
        <Dt>
          <Dt>2026-04-01</Dt>
        </Dt>
      </Bal>
      <Bal>
        <Tp>
          <CdOrPrtry>
            <Cd>CLBD</Cd>
          </CdOrPrtry>
        </Tp>
        <Amt Ccy="CHF">2500.00</Amt>
        <CdtDbtInd>CRDT</CdtDbtInd>
        <Dt>
          <Dt>2026-04-15</Dt>
        </Dt>
      </Bal>
      <Ntry>
        <Amt Ccy="CHF">500.00</Amt>
        <CdtDbtInd>CRDT</CdtDbtInd>
        <BookgDt>
          <Dt>2026-04-03</Dt>
        </BookgDt>
        <ValDt>
          <Dt>2026-04-03</Dt>
        </ValDt>
        <AcctSvcrRef>CAMT-WORK-2026-04</AcctSvcrRef>
        <NtryDtls>
          <TxDtls>
            <Refs>
              <EndToEndId>WORK-2026-04</EndToEndId>
              <AcctSvcrRef>CAMT-WORK-2026-04</AcctSvcrRef>
            </Refs>
            <AmtDtls>
              <TxAmt>
                <Amt Ccy="CHF">500.00</Amt>
              </TxAmt>
            </AmtDtls>
            <RltdPties>
              <Dbtr>
                <Nm>Workshop Client AG</Nm>
              </Dbtr>
            </RltdPties>
            <RmtInf>
              <Ustrd>Workshop payment</Ustrd>
            </RmtInf>
          </TxDtls>
        </NtryDtls>
      </Ntry>
    </Rpt>
    <Rpt>
      <Id>SYNTHETIC-APRIL-2026-SECOND-HALF</Id>
      <ElctrncSeqNb>2</ElctrncSeqNb>
      <CreDtTm>2026-04-30T18:00:00Z</CreDtTm>
      <FrToDt>
        <FrDtTm>2026-04-16T00:00:00Z</FrDtTm>
        <ToDtTm>2026-04-30T23:59:59Z</ToDtTm>
      </FrToDt>
      <Acct>
        <Id>
          <Othr>
            <Id>SYNTHETIC-OPERATING-CHF</Id>
          </Othr>
        </Id>
        <Ccy>CHF</Ccy>
      </Acct>
      <Bal>
        <Tp>
          <CdOrPrtry>
            <Cd>OPBD</Cd>
          </CdOrPrtry>
        </Tp>
        <Amt Ccy="CHF">2500.00</Amt>
        <CdtDbtInd>CRDT</CdtDbtInd>
        <Dt>
          <Dt>2026-04-16</Dt>
        </Dt>
      </Bal>
      <Bal>
        <Tp>
          <CdOrPrtry>
            <Cd>CLBD</Cd>
          </CdOrPrtry>
        </Tp>
        <Amt Ccy="CHF">2325.00</Amt>
        <CdtDbtInd>CRDT</CdtDbtInd>
        <Dt>
          <Dt>2026-04-30</Dt>
        </Dt>
      </Bal>
      <Ntry>
        <Amt Ccy="CHF">175.00</Amt>
        <CdtDbtInd>DBIT</CdtDbtInd>
        <BookgDt>
          <Dt>2026-04-22</Dt>
        </BookgDt>
        <ValDt>
          <Dt>2026-04-22</Dt>
        </ValDt>
        <AcctSvcrRef>CAMT-CLOUD-2026-04</AcctSvcrRef>
        <NtryDtls>
          <TxDtls>
            <Refs>
              <EndToEndId>CLOUD-2026-04</EndToEndId>
              <AcctSvcrRef>CAMT-CLOUD-2026-04</AcctSvcrRef>
            </Refs>
            <AmtDtls>
              <TxAmt>
                <Amt Ccy="CHF">175.00</Amt>
              </TxAmt>
            </AmtDtls>
            <RltdPties>
              <Cdtr>
                <Nm>Cloud Tools AG</Nm>
              </Cdtr>
            </RltdPties>
            <RmtInf>
              <Ustrd>Monthly software tools</Ustrd>
            </RmtInf>
          </TxDtls>
        </NtryDtls>
      </Ntry>
    </Rpt>
  </BkToCstmrAcctRpt>
</Document>
