<?xml version="1.0" encoding="UTF-8"?>
<Document xmlns="urn:iso:std:iso:20022:tech:xsd:camt.053.001.08">
  <BkToCstmrStmt>
    <GrpHdr>
      <MsgId>SYNTH-CAMT-053-2026-01</MsgId>
      <CreDtTm>2026-01-31T18:00:00Z</CreDtTm>
    </GrpHdr>
    <Stmt>
      <Id>SYNTHETIC-JANUARY-2026</Id>
      <ElctrncSeqNb>1</ElctrncSeqNb>
      <CreDtTm>2026-01-31T18:00:00Z</CreDtTm>
      <FrToDt>
        <FrDtTm>2026-01-01T00:00:00Z</FrDtTm>
        <ToDtTm>2026-01-31T23:59:59Z</ToDtTm>
      </FrToDt>
      <Acct>
        <Id>
          <Othr>
            <Id>SYNTHETIC-OPERATING-CHF</Id>
          </Othr>
        </Id>
        <Ccy>CHF</Ccy>
      </Acct>
      <Bal>
        <Tp>
          <CdOrPrtry>
            <Cd>OPBD</Cd>
          </CdOrPrtry>
        </Tp>
        <Amt Ccy="CHF">0.00</Amt>
        <CdtDbtInd>CRDT</CdtDbtInd>
        <Dt>
          <Dt>2026-01-01</Dt>
        </Dt>
      </Bal>
      <Bal>
        <Tp>
          <CdOrPrtry>
            <Cd>CLBD</Cd>
          </CdOrPrtry>
        </Tp>
        <Amt Ccy="CHF">2337.50</Amt>
        <CdtDbtInd>CRDT</CdtDbtInd>
        <Dt>
          <Dt>2026-01-31</Dt>
        </Dt>
      </Bal>
      <Ntry>
        <Amt Ccy="CHF">2500.00</Amt>
        <CdtDbtInd>CRDT</CdtDbtInd>
        <BookgDt>
          <Dt>2026-01-05</Dt>
        </BookgDt>
        <ValDt>
          <Dt>2026-01-05</Dt>
        </ValDt>
        <AcctSvcrRef>CAMT-INV-1001</AcctSvcrRef>
        <NtryDtls>
          <TxDtls>
            <Refs>
              <EndToEndId>INV-1001</EndToEndId>
              <AcctSvcrRef>CAMT-INV-1001</AcctSvcrRef>
            </Refs>
            <AmtDtls>
              <TxAmt>
                <Amt Ccy="CHF">2500.00</Amt>
              </TxAmt>
            </AmtDtls>
            <RltdPties>
              <Dbtr>
                <Nm>Alpine Consulting Client AG</Nm>
              </Dbtr>
            </RltdPties>
            <RmtInf>
              <Ustrd>Consulting Invoice</Ustrd>
            </RmtInf>
          </TxDtls>
        </NtryDtls>
      </Ntry>
      <Ntry>
        <Amt Ccy="CHF">42.50</Amt>
        <CdtDbtInd>DBIT</CdtDbtInd>
        <BookgDt>
          <Dt>2026-01-08</Dt>
        </BookgDt>
        <ValDt>
          <Dt>2026-01-08</Dt>
        </ValDt>
        <AcctSvcrRef>CAMT-POS-444</AcctSvcrRef>
        <NtryDtls>
          <TxDtls>
            <Refs>
              <EndToEndId>POS-444</EndToEndId>
              <AcctSvcrRef>CAMT-POS-444</AcctSvcrRef>
            </Refs>
            <AmtDtls>
              <TxAmt>
                <Amt Ccy="CHF">42.50</Amt>
              </TxAmt>
            </AmtDtls>
            <RltdPties>
              <Cdtr>
                <Nm>Coffee Bar Zurich</Nm>
              </Cdtr>
            </RltdPties>
            <RmtInf>
              <Ustrd>Team Coffee</Ustrd>
            </RmtInf>
          </TxDtls>
        </NtryDtls>
      </Ntry>
      <Ntry>
        <Amt Ccy="CHF">120.00</Amt>
        <CdtDbtInd>DBIT</CdtDbtInd>
        <BookgDt>
          <Dt>2026-01-09</Dt>
        </BookgDt>
        <ValDt>
          <Dt>2026-01-09</Dt>
        </ValDt>
        <AcctSvcrRef>CAMT-TRV-220</AcctSvcrRef>
        <NtryDtls>
          <TxDtls>
            <Refs>
              <EndToEndId>TRV-220</EndToEndId>
              <AcctSvcrRef>CAMT-TRV-220</AcctSvcrRef>
            </Refs>
            <AmtDtls>
              <TxAmt>
                <Amt Ccy="CHF">120.00</Amt>
              </TxAmt>
            </AmtDtls>
            <RltdPties>
              <Cdtr>
                <Nm>SBB</Nm>
              </Cdtr>
            </RltdPties>
            <RmtInf>
              <Ustrd>Travel Expense</Ustrd>
            </RmtInf>
          </TxDtls>
        </NtryDtls>
      </Ntry>
    </Stmt>
  </BkToCstmrStmt>
</Document>
